@article{efda,
  author  = {Zhuo Qu and Wenlin Dai and Carolina Euan and Ying Sun and Marc G. Genton},
  journal = {TEST},
  title   = {Exploratory functional data analysis},
  year    = {2025},
  note    = {in press}
}

@online{HMD,
  author       = {{Human Mortality Database}},
  year         = 2024,
  organization = {Max Planck Institute for Demographic Research (Germany), University of California, Berkeley (USA), and French Institute for Demographic Studies (France)},
  url          = {www.mortality.org},
  note         = {Data downloaded on 22 December 2024}
}

@article{HS10,
  author  = {Rob J Hyndman and Han Lin Shang},
  journal = {J Computational \& Graphical Statistics},
  number  = {1},
  pages   = {29--45},
  title   = {Rainbow plots, bagplots and boxplots for functional data},
  volume  = {19},
  year    = 2010
}

@article{HU07,
  author  = {Rob J Hyndman and Shahid Ullah},
  journal = {Computational Statistics \& Data Analysis},
  number  = {10},
  pages   = {4942--4956},
  title   = {Robust forecasting of mortality and fertility rates: A functional data approach},
  volume  = {51},
  year    = 2007
}

@article{lookout2021,
  title   = {Leave-one-out kernel density estimates for outlier detection},
  author  = {S Kandanaarachchi and R J Hyndman},
  year    = 2022,
  volume  = 31,
  number  = 2,
  pages   = {586-599},
  journal = {J Computational\& Graphical Statistics},
  url     = {http://robjhyndman.com/publications/lookout},
  doi     = {10.1080/10618600.2021.2000425}
}
@article{pprpca,
  author  = {C. Croux and P. Filzmoser and M. Oliveira},
  year    = {2007},
  title   = {Algorithms for Projection-Pursuit Robust Principal Component Analysis},
  journal = {Chemometrics and Intelligent Laboratory Systems},
  volume  = 87,
  pages   = {218-225}
}

@article{QZ22,
  author  = {Z Qu and M G Genton},
  year    = {2022},
  title   = {Sparse functional boxplots for multivariate curves},
  journal = {J Computational and Graphical Statistics},
  volume  = 31,
  number  = 4,
  pages   = {976-989}
}

@article{RD91,
  author  = {Ramsay, J O and C Dalzell},
  year    = 1991,
  title   = {Some tools for functional data analysis},
  journal = {J Royal Statistical Society: Series B},
  volume  = 53,
  number  = 3,
  pages   = {539-561}
}

@article{tapia2009life,
  title   = {Life and death during the {Great Depression}},
  author  = {Tapia Granados, Jos{\'e} A and Diez Roux, Ana V},
  journal = {Proceedings of the National Academy of Sciences},
  volume  = {106},
  number  = {41},
  pages   = {17290--17295},
  year    = {2009}
}

@article{dai2018multivariate,
  title={Multivariate functional data visualization and outlier detection},
  author={Dai, Wenlin and Genton, Marc G},
  journal={Journal of Computational and Graphical Statistics},
  volume={27},
  number={4},
  pages={923--934},
  year={2018},
  publisher={Taylor \& Francis}
}
@article{dai2019directional,
  title={Directional outlyingness for multivariate functional data},
  author={Dai, Wenlin and Genton, Marc G},
  journal={Computational Statistics \& Data Analysis},
  volume={131},
  pages={50--65},
  year={2019},
  publisher={Elsevier}
}
